

@article{rowe2005biophysical,
  title={Biophysical modeling of tonic cortical electrical activity in attention deficit hyperactivity disorder},
  author={Rowe, Donald L and Robinson, PA and Lazzaro, IL and Powles, RC and Gordon, E and Williams, LM},
  journal={International journal of neuroscience},
  volume={115},
  number={9},
  pages={1273--1305},
  year={2005},
  publisher={Taylor \& Francis}
}

@article{rajkowski1993correlations,
  title={Correlations between locus coeruleus (LC) neural activity, pupil diameter and behavior in monkey support a role of LC in attention},
  author={Rajkowski, J},
  journal={Soc. Neurosc., Abstract, Washington, DC, 1993},
  year={1993}
}

@article{poynter2017pupil,
  title={Pupil-size asymmetry is a physiologic trait related to gender, attentional function, and personality},
  author={Poynter, William D},
  journal={Laterality: Asymmetries of Body, Brain and Cognition},
  volume={22},
  number={6},
  pages={654--670},
  year={2017},
  publisher={Taylor \& Francis}
}

@article{liu2017dynamic,
  title={Dynamic lateralization of pupil dilation evoked by locus coeruleus activation results from sympathetic, not parasympathetic, contributions},
  author={Liu, Yang and Rodenkirch, Charles and Moskowitz, Nicole and Schriver, Brian and Wang, Qi},
  journal={Cell reports},
  volume={20},
  number={13},
  pages={3099--3112},
  year={2017},
  publisher={Elsevier}
}

@ARTICLE{10.3389/fphys.2021.614479,
AUTHOR={Nobukawa, Sou and Shirama, Aya and Takahashi, Tetsuya and Takeda, Toshinobu and Ohta, Haruhisa and Kikuchi, Mitsuru and Iwanami, Akira and Kato, Nobumasa and Toda, Shigenobu},
TITLE={Pupillometric Complexity and Symmetricity Follow Inverted-U Curves Against Baseline Diameter Due to Crossed Locus Coeruleus Projections to the Edinger-Westphal Nucleus},
JOURNAL={Frontiers in Physiology},
VOLUME={12},
PAGES={92},
YEAR={2021},
URL={https://www.frontiersin.org/article/10.3389/fphys.2021.614479},
DOI={10.3389/fphys.2021.614479},
ISSN={1664-042X},
}

@article{nobukawa2021identification,
  title={Identification of attention-deficit hyperactivity disorder based on the complexity and symmetricity of pupil diameter},
  author={Nobukawa, Sou and Shirama, Aya and Takahashi, Tetsuya and Takeda, Toshinobu and Ohta, Haruhisa and Kikuchi, Mitsuru and Iwanami, Akira and Kato, Nobumasa and Toda, Shigenobu},
  journal={Scientific Reports},
  volume={11},
  number={1},
  pages={1--14},
  year={2021},
  publisher={Nature Publishing Group}
}


